<?xml version="1.0" encoding="UTF-8" ?><marc:collection xmlns:marc="http://www.loc.gov/MARC21/slim" xmlns:xsi="http://www.w3.org/2001/XMLSchema-instance" xsi:schemaLocation="http://www.loc.gov/MARC21/slim http://www.loc.gov/standards/marcxml/schema/MARC21slim.xsd">
<marc:record><marc:leader>04962cam a2200541Mi 4500</marc:leader>
<marc:controlfield tag="001">b12298621</marc:controlfield>
<marc:controlfield tag="003">UaCaAUL</marc:controlfield><marc:controlfield tag="005">20190506103416.0</marc:controlfield><marc:controlfield tag="008">990706s1908    ua            000 0 ara d</marc:controlfield><marc:datafield tag="035" ind1=" " ind2=" "><marc:subfield code="a">(OCoLC)318938930</marc:subfield></marc:datafield><marc:datafield tag="040" ind1=" " ind2=" "><marc:subfield code="a">MEAUC</marc:subfield><marc:subfield code="b">eng</marc:subfield><marc:subfield code="e">rda</marc:subfield><marc:subfield code="c">MEAUC</marc:subfield><marc:subfield code="d">OCLCQ</marc:subfield><marc:subfield code="d">OCLCO</marc:subfield><marc:subfield code="d">OCLCQ</marc:subfield><marc:subfield code="d">OCLCO</marc:subfield><marc:subfield code="d">OCLCA</marc:subfield><marc:subfield code="d">OCLCF</marc:subfield><marc:subfield code="d">MEAUC</marc:subfield></marc:datafield><marc:datafield tag="050" ind1=" " ind2="4"><marc:subfield code="a">PJ6696.Z5</marc:subfield><marc:subfield code="b">A45 1908</marc:subfield></marc:datafield><marc:datafield tag="066" ind1=" " ind2=" "><marc:subfield code="c">(3</marc:subfield></marc:datafield><marc:datafield tag="090" ind1=" " ind2=" "><marc:subfield code="a">PJ6696.Z5</marc:subfield><marc:subfield code="b">A45 1908</marc:subfield></marc:datafield><marc:datafield tag="100" ind1="1" ind2=" "><marc:subfield code="6">880-01</marc:subfield><marc:subfield code="a">Mārghanī al-Tūnisī, Ibrāhīm ibn Aḥmad.</marc:subfield></marc:datafield><marc:datafield tag="240" ind1="1" ind2="0"><marc:subfield code="6">880-02</marc:subfield><marc:subfield code="a">Dalīl al-ḥayrān ʻalá Mawrid al-ẓamʼān.</marc:subfield></marc:datafield><marc:datafield tag="245" ind1="1" ind2="0"><marc:subfield code="6">880-03</marc:subfield><marc:subfield code="a">Hādhā sharḥ al-faqīr ilá Rabbihi al-Ghanī Ibrāhīm ibn Aḥmad al-Mārghanī al-Tūnisī al-musammá (bi-Dalīl al-ḥayrān ʻalá Mawrid al-ẓamʼān) fī fannay al-rasm wa-al-ḍabṭ bi-iʻtibār qirāʼat al-Imām Nāfiʻ faqaṭ li-nāẓimihi al-shaykh al-imām al-ʻallāmah sayyidī Muḥammad ibn Muḥammad al-Sharīshī thumma al-Fāsī al-shahīr bi-al-Kharrāz, raḥimahu Allāh wa-raḍya ʻanhu, āmīn. Wa-yalīhi sharḥ laṭīf lil-shāriḥ al-madhkūr yusammá (Tanbīh al-Khullān ʻalá al-iʻlān bi-takmīl Mawrid al-ẓamʼān) fī rasm al-bāqī min qirāʼāt al-aʼimmah al-sabʻah al-aʻyān li-nāẓimihi al-imām al-fahhāmah al-shaykh sayyidī ʻAbd al-Wāḥid ibn ʻĀshir al-Andalusī, nafaʻanā Allāh bi-hi.</marc:subfield></marc:datafield><marc:datafield tag="246" ind1="3" ind2=" "><marc:subfield code="a">Dalīl al-ḥayrān ʻalá Mawrid al-ẓamʼān.</marc:subfield></marc:datafield><marc:datafield tag="264" ind1=" " ind2="1"><marc:subfield code="6">880-04</marc:subfield><marc:subfield code="a">Tūnis :</marc:subfield><marc:subfield code="b">al-Maṭbaʻah al-ʻUmūmīyah,</marc:subfield><marc:subfield code="c">1326 [1908]</marc:subfield></marc:datafield><marc:datafield tag="300" ind1=" " ind2=" "><marc:subfield code="a">365 pages ;</marc:subfield><marc:subfield code="c">25 cm.</marc:subfield></marc:datafield><marc:datafield tag="336" ind1=" " ind2=" "><marc:subfield code="a">text</marc:subfield><marc:subfield code="b">txt</marc:subfield><marc:subfield code="2">rdacontent.</marc:subfield></marc:datafield><marc:datafield tag="337" ind1=" " ind2=" "><marc:subfield code="a">unmediated</marc:subfield><marc:subfield code="b">n</marc:subfield><marc:subfield code="2">rdamedia.</marc:subfield></marc:datafield><marc:datafield tag="338" ind1=" " ind2=" "><marc:subfield code="a">volume</marc:subfield><marc:subfield code="b">nc</marc:subfield><marc:subfield code="2">rdacarrier.</marc:subfield></marc:datafield><marc:datafield tag="500" ind1=" " ind2=" "><marc:subfield code="6">880-05</marc:subfield><marc:subfield code="a">&quot;Wa-kāna tamām ṭʻuhumā fī thānī al-Rabīʻayn min ʻām sittah wa-ʻishrīn wa-thalāthumāʼih wa-alf min al-Hijrah&quot;--Colophon.</marc:subfield></marc:datafield><marc:datafield tag="500" ind1=" " ind2=" "><marc:subfield code="6">880-06</marc:subfield><marc:subfield code="a">Ḥuqūq al-ṭabʻ maḥfūẓah li-muʼallif al-sharḥayn.</marc:subfield></marc:datafield><marc:datafield tag="500" ind1=" " ind2=" "><marc:subfield code="a">Includes errata pages (364-365)</marc:subfield></marc:datafield><marc:datafield tag="500" ind1=" " ind2=" "><marc:subfield code="a">Decorated title page.</marc:subfield></marc:datafield><marc:datafield tag="600" ind1="1" ind2="0"><marc:subfield code="6">880-07</marc:subfield><marc:subfield code="a">Kharrāz, Muḥammad ibn Muḥammad,</marc:subfield><marc:subfield code="d">-1318 or 1319.</marc:subfield><marc:subfield code="t">Mawrid al-ẓamʼān.</marc:subfield></marc:datafield><marc:datafield tag="600" ind1="1" ind2="0"><marc:subfield code="6">880-08</marc:subfield><marc:subfield code="a">Ibn ʻĀshir, ʻAbd al-Wāḥid ibn Aḥmad,</marc:subfield><marc:subfield code="d">1582 or 1583-1630 or 1631.</marc:subfield><marc:subfield code="t">Iʻlān bi-takmīl Mawrid al-ẓamʼān.</marc:subfield></marc:datafield><marc:datafield tag="630" ind1="0" ind2="0"><marc:subfield code="a">Qurʼan</marc:subfield><marc:subfield code="x">Orthography.</marc:subfield></marc:datafield><marc:datafield tag="700" ind1="1" ind2="2"><marc:subfield code="6">880-09</marc:subfield><marc:subfield code="a">Kharrāz, Muḥammad ibn Muḥammad,</marc:subfield><marc:subfield code="d">-1318 or 1319.</marc:subfield><marc:subfield code="t">Mawrid al-ẓamʼān.</marc:subfield></marc:datafield><marc:datafield tag="700" ind1="1" ind2="2"><marc:subfield code="6">880-10</marc:subfield><marc:subfield code="a">Mārghanī al-Tūnisī, Ibrāhīm ibn Aḥmad.</marc:subfield><marc:subfield code="t">Tanbīh al-khullān ʻalá al-Iʻlān bi-takmil Mawrid al-ẓamʼān.</marc:subfield></marc:datafield><marc:datafield tag="700" ind1="1" ind2="2"><marc:subfield code="6">880-11</marc:subfield><marc:subfield code="a">Ibn ʻĀshir, ʻAbd al-Wāḥid ibn Aḥmad,</marc:subfield><marc:subfield code="d">1582 or 1583-1630 or 1631.</marc:subfield><marc:subfield code="t">Iʻlān bi-takmīl Mawrid al-ẓamʼān.</marc:subfield></marc:datafield><marc:datafield tag="880" ind1="1" ind2="0"><marc:subfield code="6">240-02/(3/r</marc:subfield><marc:subfield code="a">دليل الحيران على مورد الظمآن.</marc:subfield></marc:datafield><marc:datafield tag="880" ind1="1" ind2=" "><marc:subfield code="6">100-01/(3/r</marc:subfield><marc:subfield code="a">مارغني التونسي، ابراهيم بن أحمد..</marc:subfield></marc:datafield><marc:datafield tag="880" ind1="1" ind2="0"><marc:subfield code="6">245-03/(3/r</marc:subfield><marc:subfield code="a">هاذا شرح الفقير الى ربه الغني ابراهيم بن احمد المارغني التونسي المسمى (بدليل الحيران على مورد الظمآن) في فني الرسم والضبط باعتبار قراءت الامام نافع فقط لناظمه الشيخ الامام العلامة سيدي محمد بن محمد الشريشي ثم الفاسي الشهير بالخراز، رحمه الله ورضي عنه، آمين. ويليه شرح لطيف للشارح المذكور يسمى (تنبيه الخلان على الاعلان بتكميل مورد الظمآن) في رسم الباقي من قراءات الائمة السبعة الاعيان لناظمه الامام الفهامة الشيخ سيدي عبد الواحد بن عاشر الاندلسي، نفعنا الله به..</marc:subfield></marc:datafield><marc:datafield tag="880" ind1=" " ind2="1"><marc:subfield code="6">264-04/(3/r</marc:subfield><marc:subfield code="a">تونس :‪</marc:subfield><marc:subfield code="b">المطبعة العمومية،‪</marc:subfield><marc:subfield code="c">[1908] 1326.</marc:subfield></marc:datafield><marc:datafield tag="880" ind1=" " ind2=" "><marc:subfield code="6">500-05/(3/r</marc:subfield><marc:subfield code="a">&quot;وكان تمام طعهما في ثاني الربيعين من عام ستة وعشرين وثلاثمائه والف من الهجره&quot;Colophon.</marc:subfield></marc:datafield><marc:datafield tag="880" ind1=" " ind2=" "><marc:subfield code="6">500-06/(3/r</marc:subfield><marc:subfield code="a">حقوق الطبع محفوظة لمؤلف الشرحين..</marc:subfield></marc:datafield><marc:datafield tag="880" ind1="1" ind2="4"><marc:subfield code="6">600-07/(3/r</marc:subfield><marc:subfield code="a">خراز، محمد بن محمد،‪</marc:subfield><marc:subfield code="d">-1318 أو 1319.‪</marc:subfield><marc:subfield code="t">مورد الظمآن..</marc:subfield></marc:datafield><marc:datafield tag="880" ind1="1" ind2="4"><marc:subfield code="6">600-08/(3/r</marc:subfield><marc:subfield code="a">ابن عاشر، عبد الواحد بن أحمد،‪</marc:subfield><marc:subfield code="d">1582 أو 1583-1630 أو 1631.‪</marc:subfield><marc:subfield code="t">اعلان بتكميل مورد الظمآن..</marc:subfield></marc:datafield><marc:datafield tag="880" ind1="1" ind2="2"><marc:subfield code="6">700-09/(3/r</marc:subfield><marc:subfield code="a">خراز، محمد بن محمد،‪</marc:subfield><marc:subfield code="d">- 1318 أو 1319.‪</marc:subfield><marc:subfield code="t">مورد الظمآن..</marc:subfield></marc:datafield><marc:datafield tag="880" ind1="1" ind2="2"><marc:subfield code="6">700-10/(3/r</marc:subfield><marc:subfield code="a">مارغني التونسي، ابراهيم بن أحمد.‪</marc:subfield><marc:subfield code="t">تنبيه الخلان على الاعلان بتكميل مورد الظمآن..</marc:subfield></marc:datafield><marc:datafield tag="880" ind1="1" ind2="2"><marc:subfield code="6">700-11/(3/r</marc:subfield><marc:subfield code="a">ابن عاشر، عبد الواحد بن أحمد.‪</marc:subfield><marc:subfield code="t">اعلان بتكميل مورد الظمآن..</marc:subfield></marc:datafield><marc:datafield tag="907" ind1=" " ind2=" "><marc:subfield code="a">.b12298621</marc:subfield><marc:subfield code="b">main </marc:subfield></marc:datafield><marc:datafield tag="902" ind1=" " ind2=" "><marc:subfield code="a">190515</marc:subfield></marc:datafield><marc:datafield tag="998" ind1=" " ind2=" "><marc:subfield code="b">2</marc:subfield><marc:subfield code="c">990712</marc:subfield><marc:subfield code="d">m</marc:subfield><marc:subfield code="e">~</marc:subfield><marc:subfield code="f">-</marc:subfield><marc:subfield code="g">0</marc:subfield><marc:subfield code="k">TA</marc:subfield></marc:datafield><marc:datafield tag="945" ind1=" " ind2=" "><marc:subfield code="l">main </marc:subfield></marc:datafield></marc:record>
</marc:collection>
